@article{radford2019language,
  title={Language models are unsupervised multitask learners},
  author={Radford, Alec and Wu, Jeffrey and Child, Rewon and Luan, David and Amodei, Dario and Sutskever, Ilya},
  journal={OpenAI Blog},
  volume={1},
  number={8},
  pages={9},
  year={2019}
}

@article{radford2018improving,
  title={Improving language understanding by generative pre-training},
  author={Radford, Alec and Narasimhan, Karthik and Salimans, Tim and Sutskever, Ilya}
}

@article{DBLP:journals/corr/VaswaniSPUJGKP17,
  author    = {Ashish Vaswani and
               Noam Shazeer and
               Niki Parmar and
               Jakob Uszkoreit and
               Llion Jones and
               Aidan N. Gomez and
               Lukasz Kaiser and
               Illia Polosukhin},
  title     = {Attention Is All You Need},
  journal   = {CoRR},
  volume    = {abs/1706.03762},
  year      = {2017},
  url       = {http://arxiv.org/abs/1706.03762},
  archivePrefix = {arXiv},
  eprint    = {1706.03762},
  timestamp = {Mon, 13 Aug 2018 16:48:37 +0200},
  biburl    = {https://dblp.org/rec/journals/corr/VaswaniSPUJGKP17.bib},
  bibsource = {dblp computer science bibliography, https://dblp.org}
}

@article{smith_probabilistic_nodate,
	title = {Probabilistic {Language} {Models} 1.0},
	abstract = {We introduce and explain language models. These notes are inspired in part by notes by Collins [2011a], who provides more detail about some topics. See also Jurafsky and Martin [2016] for a textbook treatment.},
	language = {en},
	author = {Smith, Noah A},
	pages = {15},
	file = {Smith - Probabilistic Language Models 1.0.pdf:/Users/7w0r4ng3s/Zotero/storage/FX6FJHQ2/Smith - Probabilistic Language Models 1.0.pdf:application/pdf}
}